<?xml version="1.0" encoding="UTF-8"?><collection xmlns="http://www.loc.gov/MARC21/slim"><record><leader>00357nam--2200133-i-4500</leader><controlfield tag="001">000003582</controlfield><controlfield tag="002">20161230</controlfield><controlfield tag="005">20161230201025</controlfield><controlfield tag="008">060222s1000------------r-----000-0-eng-d</controlfield><datafield ind1=" " ind2=" " tag="080"><subfield code="a">621.375.2</subfield></datafield><datafield ind1=" " ind2=" " tag="100"><subfield code="a">Bode, Hendrik W</subfield></datafield><datafield ind1=" " ind2=" " tag="245"><subfield code="a">Network analysis and feedback amplifier design</subfield></datafield><datafield ind1=" " ind2=" " tag="260"><subfield code="a">Toronto, D.Van Nostrand Company, 1949. Xii + 551 P</subfield></datafield><datafield ind1=" " ind2=" " tag="852"><subfield code="a">726</subfield></datafield></record></collection>